%YAML 1.1
%TAG !u! tag:unity3d.com,2011:
--- !u!1 &100000
GameObject:
  m_ObjectHideFlags: 0
  m_CorrespondingSourceObject: {fileID: 0}
  m_PrefabInstance: {fileID: 0}
  m_PrefabAsset: {fileID: 0}
  serializedVersion: 6
  m_Component:
  - component: {fileID: 400000}
  - component: {fileID: 8307345856362753515}
  - component: {fileID: 1873873572507421188}
  m_Layer: 0
  m_Name: Battle Enemy 2
  m_TagString: Enemy
  m_Icon: {fileID: 0}
  m_NavMeshLayer: 0
  m_StaticEditorFlags: 0
  m_IsActive: 1
--- !u!4 &400000
Transform:
  m_ObjectHideFlags: 0
  m_CorrespondingSourceObject: {fileID: 0}
  m_PrefabInstance: {fileID: 0}
  m_PrefabAsset: {fileID: 0}
  m_GameObject: {fileID: 100000}
  m_LocalRotation: {x: 0, y: 0, z: 0, w: 1}
  m_LocalPosition: {x: 0, y: 0, z: 0}
  m_LocalScale: {x: 0.06, y: 0.06, z: 0.06}
  m_Children:
  - {fileID: 289831920981129405}
  - {fileID: 400002}
  - {fileID: 1408402029469449899}
  m_Father: {fileID: 0}
  m_RootOrder: 0
  m_LocalEulerAnglesHint: {x: 0, y: 0, z: 0}
--- !u!114 &8307345856362753515
MonoBehaviour:
  m_ObjectHideFlags: 0
  m_CorrespondingSourceObject: {fileID: 0}
  m_PrefabInstance: {fileID: 0}
  m_PrefabAsset: {fileID: 0}
  m_GameObject: {fileID: 100000}
  m_Enabled: 1
  m_EditorHideFlags: 0
  m_Script: {fileID: 11500000, guid: 079bd180d97436744b0949a312197b46, type: 3}
  m_Name: 
  m_EditorClassIdentifier: 
  defense: 0
  attackDamage: 0
  coins: 0
  listWeapon: []
  exploseParticale: {fileID: 198000011976894484, guid: 81fb43b8d3524b2478a3caa795d5bcca,
    type: 3}
  moveSpeed: 0
  position: {x: 0, y: 0, z: 0}
  coinPrefab: {fileID: 1498403948531744, guid: fa2c57d3f28a5e6419393e8bc3eeb32a, type: 3}
  centerEllipse: {x: 0, y: 0, z: 0}
  ellipseHeight: 0
  ellipseWeight: 0
  angle: 0
  left: 0
  suicide: 0
--- !u!136 &1873873572507421188
CapsuleCollider:
  m_ObjectHideFlags: 0
  m_CorrespondingSourceObject: {fileID: 0}
  m_PrefabInstance: {fileID: 0}
  m_PrefabAsset: {fileID: 0}
  m_GameObject: {fileID: 100000}
  m_Material: {fileID: 0}
  m_IsTrigger: 1
  m_Enabled: 1
  m_Radius: 6
  m_Height: 25
  m_Direction: 1
  m_Center: {x: 0, y: -1, z: 0}
--- !u!1 &100002
GameObject:
  m_ObjectHideFlags: 0
  m_CorrespondingSourceObject: {fileID: 0}
  m_PrefabInstance: {fileID: 0}
  m_PrefabAsset: {fileID: 0}
  serializedVersion: 6
  m_Component:
  - component: {fileID: 400002}
  - component: {fileID: 3300000}
  - component: {fileID: 2300000}
  m_Layer: 0
  m_Name: Battle Enemy 2
  m_TagString: Untagged
  m_Icon: {fileID: 0}
  m_NavMeshLayer: 0
  m_StaticEditorFlags: 0
  m_IsActive: 1
--- !u!4 &400002
Transform:
  m_ObjectHideFlags: 0
  m_CorrespondingSourceObject: {fileID: 0}
  m_PrefabInstance: {fileID: 0}
  m_PrefabAsset: {fileID: 0}
  m_GameObject: {fileID: 100002}
  m_LocalRotation: {x: 0.7071068, y: 0, z: 0, w: 0.7071068}
  m_LocalPosition: {x: 0, y: 0, z: 0}
  m_LocalScale: {x: 1, y: -1, z: 1}
  m_Children: []
  m_Father: {fileID: 400000}
  m_RootOrder: 1
  m_LocalEulerAnglesHint: {x: 90, y: 0, z: 0}
--- !u!33 &3300000
MeshFilter:
  m_ObjectHideFlags: 0
  m_CorrespondingSourceObject: {fileID: 0}
  m_PrefabInstance: {fileID: 0}
  m_PrefabAsset: {fileID: 0}
  m_GameObject: {fileID: 100002}
  m_Mesh: {fileID: 4300002, guid: 3780882bcad6e0d479d50ceb64e22818, type: 3}
--- !u!23 &2300000
MeshRenderer:
  m_ObjectHideFlags: 0
  m_CorrespondingSourceObject: {fileID: 0}
  m_PrefabInstance: {fileID: 0}
  m_PrefabAsset: {fileID: 0}
  m_GameObject: {fileID: 100002}
  m_Enabled: 1
  m_CastShadows: 0
  m_ReceiveShadows: 0
  m_DynamicOccludee: 1
  m_MotionVectors: 1
  m_LightProbeUsage: 0
  m_ReflectionProbeUsage: 0
  m_RayTracingMode: 2
  m_RenderingLayerMask: 1
  m_RendererPriority: 0
  m_Materials:
  - {fileID: 2100000, guid: 56d1b150f89f2e547aca4878ae5aaa7c, type: 2}
  m_StaticBatchInfo:
    firstSubMesh: 0
    subMeshCount: 0
  m_StaticBatchRoot: {fileID: 0}
  m_ProbeAnchor: {fileID: 0}
  m_LightProbeVolumeOverride: {fileID: 0}
  m_ScaleInLightmap: 1
  m_ReceiveGI: 1
  m_PreserveUVs: 0
  m_IgnoreNormalsForChartDetection: 0
  m_ImportantGI: 0
  m_StitchLightmapSeams: 1
  m_SelectedEditorRenderState: 3
  m_MinimumChartSize: 4
  m_AutoUVMaxDistance: 0.5
  m_AutoUVMaxAngle: 89
  m_LightmapParameters: {fileID: 0}
  m_SortingLayerID: 0
  m_SortingLayer: 0
  m_SortingOrder: 0
--- !u!1001 &481332384656777950
PrefabInstance:
  m_ObjectHideFlags: 0
  serializedVersion: 2
  m_Modification:
    m_TransformParent: {fileID: 400000}
    m_Modifications:
    - target: {fileID: 192451747950484066, guid: f0f9431f309f78147b1ddd7b15998e2b,
        type: 3}
      propertyPath: m_Name
      value: Normal Gun
      objectReference: {fileID: 0}
    - target: {fileID: 192451747950484066, guid: f0f9431f309f78147b1ddd7b15998e2b,
        type: 3}
      propertyPath: m_IsActive
      value: 1
      objectReference: {fileID: 0}
    - target: {fileID: 192451747950484067, guid: f0f9431f309f78147b1ddd7b15998e2b,
        type: 3}
      propertyPath: m_LocalPosition.x
      value: 0
      objectReference: {fileID: 0}
    - target: {fileID: 192451747950484067, guid: f0f9431f309f78147b1ddd7b15998e2b,
        type: 3}
      propertyPath: m_LocalPosition.y
      value: -16
      objectReference: {fileID: 0}
    - target: {fileID: 192451747950484067, guid: f0f9431f309f78147b1ddd7b15998e2b,
        type: 3}
      propertyPath: m_LocalPosition.z
      value: 0
      objectReference: {fileID: 0}
    - target: {fileID: 192451747950484067, guid: f0f9431f309f78147b1ddd7b15998e2b,
        type: 3}
      propertyPath: m_LocalRotation.x
      value: 0.7071068
      objectReference: {fileID: 0}
    - target: {fileID: 192451747950484067, guid: f0f9431f309f78147b1ddd7b15998e2b,
        type: 3}
      propertyPath: m_LocalRotation.y
      value: 0
      objectReference: {fileID: 0}
    - target: {fileID: 192451747950484067, guid: f0f9431f309f78147b1ddd7b15998e2b,
        type: 3}
      propertyPath: m_LocalRotation.z
      value: 0
      objectReference: {fileID: 0}
    - target: {fileID: 192451747950484067, guid: f0f9431f309f78147b1ddd7b15998e2b,
        type: 3}
      propertyPath: m_LocalRotation.w
      value: 0.7071068
      objectReference: {fileID: 0}
    - target: {fileID: 192451747950484067, guid: f0f9431f309f78147b1ddd7b15998e2b,
        type: 3}
      propertyPath: m_RootOrder
      value: 0
      objectReference: {fileID: 0}
    - target: {fileID: 192451747950484067, guid: f0f9431f309f78147b1ddd7b15998e2b,
        type: 3}
      propertyPath: m_LocalEulerAnglesHint.x
      value: 90
      objectReference: {fileID: 0}
    - target: {fileID: 192451747950484067, guid: f0f9431f309f78147b1ddd7b15998e2b,
        type: 3}
      propertyPath: m_LocalEulerAnglesHint.y
      value: 0
      objectReference: {fileID: 0}
    - target: {fileID: 192451747950484067, guid: f0f9431f309f78147b1ddd7b15998e2b,
        type: 3}
      propertyPath: m_LocalEulerAnglesHint.z
      value: 0
      objectReference: {fileID: 0}
    - target: {fileID: 192451747950484067, guid: f0f9431f309f78147b1ddd7b15998e2b,
        type: 3}
      propertyPath: m_LocalScale.x
      value: 1
      objectReference: {fileID: 0}
    - target: {fileID: 192451747950484067, guid: f0f9431f309f78147b1ddd7b15998e2b,
        type: 3}
      propertyPath: m_LocalScale.y
      value: 1
      objectReference: {fileID: 0}
    - target: {fileID: 192451747950484067, guid: f0f9431f309f78147b1ddd7b15998e2b,
        type: 3}
      propertyPath: m_LocalScale.z
      value: 1
      objectReference: {fileID: 0}
    - target: {fileID: 6073544407685270940, guid: f0f9431f309f78147b1ddd7b15998e2b,
        type: 3}
      propertyPath: fireRate
      value: 0.5
      objectReference: {fileID: 0}
    - target: {fileID: 6073544407685270940, guid: f0f9431f309f78147b1ddd7b15998e2b,
        type: 3}
      propertyPath: bulletSpeed
      value: 10
      objectReference: {fileID: 0}
    - target: {fileID: 6073544407685270940, guid: f0f9431f309f78147b1ddd7b15998e2b,
        type: 3}
      propertyPath: numberBullet
      value: 3
      objectReference: {fileID: 0}
    - target: {fileID: 6073544407685270940, guid: f0f9431f309f78147b1ddd7b15998e2b,
        type: 3}
      propertyPath: damage
      value: 10
      objectReference: {fileID: 0}
    - target: {fileID: 6073544407685270940, guid: f0f9431f309f78147b1ddd7b15998e2b,
        type: 3}
      propertyPath: bulletPrefab
      value: 
      objectReference: {fileID: 1473103337094032, guid: 6b29274ac2e79904986a87aaee461137,
        type: 3}
    m_RemovedComponents: []
  m_SourcePrefab: {fileID: 100100000, guid: f0f9431f309f78147b1ddd7b15998e2b, type: 3}
--- !u!4 &289831920981129405 stripped
Transform:
  m_CorrespondingSourceObject: {fileID: 192451747950484067, guid: f0f9431f309f78147b1ddd7b15998e2b,
    type: 3}
  m_PrefabInstance: {fileID: 481332384656777950}
  m_PrefabAsset: {fileID: 0}
--- !u!1001 &3157362856611616006
PrefabInstance:
  m_ObjectHideFlags: 0
  serializedVersion: 2
  m_Modification:
    m_TransformParent: {fileID: 400000}
    m_Modifications:
    - target: {fileID: 3261751298898728249, guid: d5a914b1328756d4581b448fbf99afc7,
        type: 3}
      propertyPath: m_AnchorMax.x
      value: 0
      objectReference: {fileID: 0}
    - target: {fileID: 3261751298898728249, guid: d5a914b1328756d4581b448fbf99afc7,
        type: 3}
      propertyPath: m_AnchorMax.y
      value: 0
      objectReference: {fileID: 0}
    - target: {fileID: 4060719527014312873, guid: d5a914b1328756d4581b448fbf99afc7,
        type: 3}
      propertyPath: m_Name
      value: Full Health Bar
      objectReference: {fileID: 0}
    - target: {fileID: 4060719527014312877, guid: d5a914b1328756d4581b448fbf99afc7,
        type: 3}
      propertyPath: m_LocalPosition.x
      value: 0
      objectReference: {fileID: 0}
    - target: {fileID: 4060719527014312877, guid: d5a914b1328756d4581b448fbf99afc7,
        type: 3}
      propertyPath: m_LocalPosition.y
      value: 0
      objectReference: {fileID: 0}
    - target: {fileID: 4060719527014312877, guid: d5a914b1328756d4581b448fbf99afc7,
        type: 3}
      propertyPath: m_LocalPosition.z
      value: 0
      objectReference: {fileID: 0}
    - target: {fileID: 4060719527014312877, guid: d5a914b1328756d4581b448fbf99afc7,
        type: 3}
      propertyPath: m_LocalRotation.x
      value: 0
      objectReference: {fileID: 0}
    - target: {fileID: 4060719527014312877, guid: d5a914b1328756d4581b448fbf99afc7,
        type: 3}
      propertyPath: m_LocalRotation.y
      value: 0
      objectReference: {fileID: 0}
    - target: {fileID: 4060719527014312877, guid: d5a914b1328756d4581b448fbf99afc7,
        type: 3}
      propertyPath: m_LocalRotation.z
      value: 0
      objectReference: {fileID: 0}
    - target: {fileID: 4060719527014312877, guid: d5a914b1328756d4581b448fbf99afc7,
        type: 3}
      propertyPath: m_LocalRotation.w
      value: 1
      objectReference: {fileID: 0}
    - target: {fileID: 4060719527014312877, guid: d5a914b1328756d4581b448fbf99afc7,
        type: 3}
      propertyPath: m_RootOrder
      value: 2
      objectReference: {fileID: 0}
    - target: {fileID: 4060719527014312877, guid: d5a914b1328756d4581b448fbf99afc7,
        type: 3}
      propertyPath: m_LocalEulerAnglesHint.x
      value: 0
      objectReference: {fileID: 0}
    - target: {fileID: 4060719527014312877, guid: d5a914b1328756d4581b448fbf99afc7,
        type: 3}
      propertyPath: m_LocalEulerAnglesHint.y
      value: 0
      objectReference: {fileID: 0}
    - target: {fileID: 4060719527014312877, guid: d5a914b1328756d4581b448fbf99afc7,
        type: 3}
      propertyPath: m_LocalEulerAnglesHint.z
      value: 0
      objectReference: {fileID: 0}
    - target: {fileID: 4060719527014312877, guid: d5a914b1328756d4581b448fbf99afc7,
        type: 3}
      propertyPath: m_AnchoredPosition.x
      value: -2.1
      objectReference: {fileID: 0}
    - target: {fileID: 4060719527014312877, guid: d5a914b1328756d4581b448fbf99afc7,
        type: 3}
      propertyPath: m_AnchoredPosition.y
      value: 18
      objectReference: {fileID: 0}
    - target: {fileID: 4060719527014312877, guid: d5a914b1328756d4581b448fbf99afc7,
        type: 3}
      propertyPath: m_SizeDelta.x
      value: 100
      objectReference: {fileID: 0}
    - target: {fileID: 4060719527014312877, guid: d5a914b1328756d4581b448fbf99afc7,
        type: 3}
      propertyPath: m_SizeDelta.y
      value: 100
      objectReference: {fileID: 0}
    - target: {fileID: 4060719527014312877, guid: d5a914b1328756d4581b448fbf99afc7,
        type: 3}
      propertyPath: m_AnchorMin.x
      value: 0.5
      objectReference: {fileID: 0}
    - target: {fileID: 4060719527014312877, guid: d5a914b1328756d4581b448fbf99afc7,
        type: 3}
      propertyPath: m_AnchorMin.y
      value: 0.5
      objectReference: {fileID: 0}
    - target: {fileID: 4060719527014312877, guid: d5a914b1328756d4581b448fbf99afc7,
        type: 3}
      propertyPath: m_AnchorMax.x
      value: 0.5
      objectReference: {fileID: 0}
    - target: {fileID: 4060719527014312877, guid: d5a914b1328756d4581b448fbf99afc7,
        type: 3}
      propertyPath: m_AnchorMax.y
      value: 0.5
      objectReference: {fileID: 0}
    - target: {fileID: 4060719527014312877, guid: d5a914b1328756d4581b448fbf99afc7,
        type: 3}
      propertyPath: m_Pivot.x
      value: 0.5
      objectReference: {fileID: 0}
    - target: {fileID: 4060719527014312877, guid: d5a914b1328756d4581b448fbf99afc7,
        type: 3}
      propertyPath: m_Pivot.y
      value: 0.5
      objectReference: {fileID: 0}
    m_RemovedComponents: []
  m_SourcePrefab: {fileID: 100100000, guid: d5a914b1328756d4581b448fbf99afc7, type: 3}
--- !u!224 &1408402029469449899 stripped
RectTransform:
  m_CorrespondingSourceObject: {fileID: 4060719527014312877, guid: d5a914b1328756d4581b448fbf99afc7,
    type: 3}
  m_PrefabInstance: {fileID: 3157362856611616006}
  m_PrefabAsset: {fileID: 0}
