%YAML 1.1
%TAG !u! tag:unity3d.com,2011:
--- !u!1 &1163840843052708856
GameObject:
  m_ObjectHideFlags: 0
  m_CorrespondingSourceObject: {fileID: 0}
  m_PrefabInstance: {fileID: 0}
  m_PrefabAsset: {fileID: 0}
  serializedVersion: 6
  m_Component:
  - component: {fileID: 5436863363908611164}
  - component: {fileID: 6614638154482332247}
  - component: {fileID: 5257367138583537862}
  - component: {fileID: 7694274407772224905}
  m_Layer: 0
  m_Name: Boss
  m_TagString: Enemy
  m_Icon: {fileID: 0}
  m_NavMeshLayer: 0
  m_StaticEditorFlags: 0
  m_IsActive: 1
--- !u!4 &5436863363908611164
Transform:
  m_ObjectHideFlags: 0
  m_CorrespondingSourceObject: {fileID: 0}
  m_PrefabInstance: {fileID: 0}
  m_PrefabAsset: {fileID: 0}
  m_GameObject: {fileID: 1163840843052708856}
  m_LocalRotation: {x: 0, y: 0, z: 0, w: 1}
  m_LocalPosition: {x: 0, y: 20, z: 18}
  m_LocalScale: {x: 1, y: 1, z: 1}
  m_Children:
  - {fileID: 7992876963643056408}
  - {fileID: 2403864830325369944}
  - {fileID: 370574141007858936}
  - {fileID: 3588510922232928530}
  - {fileID: 4664115291940384356}
  m_Father: {fileID: 0}
  m_RootOrder: 0
  m_LocalEulerAnglesHint: {x: 0, y: 0, z: 0}
--- !u!65 &6614638154482332247
BoxCollider:
  m_ObjectHideFlags: 0
  m_CorrespondingSourceObject: {fileID: 0}
  m_PrefabInstance: {fileID: 0}
  m_PrefabAsset: {fileID: 0}
  m_GameObject: {fileID: 1163840843052708856}
  m_Material: {fileID: 0}
  m_IsTrigger: 1
  m_Enabled: 0
  serializedVersion: 2
  m_Size: {x: 8, y: 11, z: 1}
  m_Center: {x: 0, y: 0, z: -3}
--- !u!65 &5257367138583537862
BoxCollider:
  m_ObjectHideFlags: 0
  m_CorrespondingSourceObject: {fileID: 0}
  m_PrefabInstance: {fileID: 0}
  m_PrefabAsset: {fileID: 0}
  m_GameObject: {fileID: 1163840843052708856}
  m_Material: {fileID: 0}
  m_IsTrigger: 1
  m_Enabled: 0
  serializedVersion: 2
  m_Size: {x: 3, y: 3, z: 1}
  m_Center: {x: 0, y: -7, z: -3}
--- !u!114 &7694274407772224905
MonoBehaviour:
  m_ObjectHideFlags: 0
  m_CorrespondingSourceObject: {fileID: 0}
  m_PrefabInstance: {fileID: 0}
  m_PrefabAsset: {fileID: 0}
  m_GameObject: {fileID: 1163840843052708856}
  m_Enabled: 1
  m_EditorHideFlags: 0
  m_Script: {fileID: 11500000, guid: b1bd420e216d39340935d08144b68282, type: 3}
  m_Name: 
  m_EditorClassIdentifier: 
  defense: 0
  attackDamage: 0
  coins: 0
  listWeapon:
  - {fileID: 9184403032790250445}
  - {fileID: 8651392065024981670}
  - {fileID: 6684043803163654642}
  exploseParticale: {fileID: 198000011976894484, guid: 81fb43b8d3524b2478a3caa795d5bcca,
    type: 3}
  wave: 0
  oneTime: 1
--- !u!1 &5276613049209618767
GameObject:
  m_ObjectHideFlags: 0
  m_CorrespondingSourceObject: {fileID: 0}
  m_PrefabInstance: {fileID: 0}
  m_PrefabAsset: {fileID: 0}
  serializedVersion: 6
  m_Component:
  - component: {fileID: 1019286391837452499}
  - component: {fileID: 3936621474014822717}
  - component: {fileID: 4218255187726183884}
  m_Layer: 5
  m_Name: Text
  m_TagString: Untagged
  m_Icon: {fileID: 0}
  m_NavMeshLayer: 0
  m_StaticEditorFlags: 0
  m_IsActive: 1
--- !u!224 &1019286391837452499
RectTransform:
  m_ObjectHideFlags: 0
  m_CorrespondingSourceObject: {fileID: 0}
  m_PrefabInstance: {fileID: 0}
  m_PrefabAsset: {fileID: 0}
  m_GameObject: {fileID: 5276613049209618767}
  m_LocalRotation: {x: 0, y: 0, z: 0, w: 1}
  m_LocalPosition: {x: 0, y: 0, z: 0}
  m_LocalScale: {x: 1, y: 1, z: 1}
  m_Children: []
  m_Father: {fileID: 4664115291940384356}
  m_RootOrder: 1
  m_LocalEulerAnglesHint: {x: 0, y: 0, z: 0}
  m_AnchorMin: {x: 0.5, y: 1}
  m_AnchorMax: {x: 0.5, y: 1}
  m_AnchoredPosition: {x: -349, y: -230}
  m_SizeDelta: {x: 160, y: 50}
  m_Pivot: {x: 0.5, y: 1}
--- !u!222 &3936621474014822717
CanvasRenderer:
  m_ObjectHideFlags: 0
  m_CorrespondingSourceObject: {fileID: 0}
  m_PrefabInstance: {fileID: 0}
  m_PrefabAsset: {fileID: 0}
  m_GameObject: {fileID: 5276613049209618767}
  m_CullTransparentMesh: 0
--- !u!114 &4218255187726183884
MonoBehaviour:
  m_ObjectHideFlags: 0
  m_CorrespondingSourceObject: {fileID: 0}
  m_PrefabInstance: {fileID: 0}
  m_PrefabAsset: {fileID: 0}
  m_GameObject: {fileID: 5276613049209618767}
  m_Enabled: 1
  m_EditorHideFlags: 0
  m_Script: {fileID: 11500000, guid: 5f7201a12d95ffc409449d95f23cf332, type: 3}
  m_Name: 
  m_EditorClassIdentifier: 
  m_Material: {fileID: 0}
  m_Color: {r: 1, g: 1, b: 1, a: 1}
  m_RaycastTarget: 1
  m_Maskable: 1
  m_OnCullStateChanged:
    m_PersistentCalls:
      m_Calls: []
  m_FontData:
    m_Font: {fileID: 10102, guid: 0000000000000000e000000000000000, type: 0}
    m_FontSize: 36
    m_FontStyle: 0
    m_BestFit: 0
    m_MinSize: 3
    m_MaxSize: 40
    m_Alignment: 4
    m_AlignByGeometry: 0
    m_RichText: 1
    m_HorizontalOverflow: 0
    m_VerticalOverflow: 0
    m_LineSpacing: 1
  m_Text: BOSS
--- !u!1 &6684043803163654642
GameObject:
  m_ObjectHideFlags: 0
  m_CorrespondingSourceObject: {fileID: 0}
  m_PrefabInstance: {fileID: 0}
  m_PrefabAsset: {fileID: 0}
  serializedVersion: 6
  m_Component:
  - component: {fileID: 370574141007858936}
  m_Layer: 0
  m_Name: Wave 3
  m_TagString: Enemy
  m_Icon: {fileID: 0}
  m_NavMeshLayer: 0
  m_StaticEditorFlags: 0
  m_IsActive: 0
--- !u!4 &370574141007858936
Transform:
  m_ObjectHideFlags: 0
  m_CorrespondingSourceObject: {fileID: 0}
  m_PrefabInstance: {fileID: 0}
  m_PrefabAsset: {fileID: 0}
  m_GameObject: {fileID: 6684043803163654642}
  m_LocalRotation: {x: 0, y: 0, z: 0, w: 1}
  m_LocalPosition: {x: 0, y: 0, z: 0}
  m_LocalScale: {x: 1, y: 1, z: 1}
  m_Children:
  - {fileID: 4394310359864906304}
  - {fileID: 4749697004681918711}
  - {fileID: 8291372964840656009}
  m_Father: {fileID: 5436863363908611164}
  m_RootOrder: 2
  m_LocalEulerAnglesHint: {x: 0, y: 0, z: 0}
--- !u!1 &8651392065024981670
GameObject:
  m_ObjectHideFlags: 0
  m_CorrespondingSourceObject: {fileID: 0}
  m_PrefabInstance: {fileID: 0}
  m_PrefabAsset: {fileID: 0}
  serializedVersion: 6
  m_Component:
  - component: {fileID: 2403864830325369944}
  m_Layer: 0
  m_Name: Wave 2
  m_TagString: Enemy
  m_Icon: {fileID: 0}
  m_NavMeshLayer: 0
  m_StaticEditorFlags: 0
  m_IsActive: 0
--- !u!4 &2403864830325369944
Transform:
  m_ObjectHideFlags: 0
  m_CorrespondingSourceObject: {fileID: 0}
  m_PrefabInstance: {fileID: 0}
  m_PrefabAsset: {fileID: 0}
  m_GameObject: {fileID: 8651392065024981670}
  m_LocalRotation: {x: 0, y: 0, z: 0, w: 1}
  m_LocalPosition: {x: 0, y: 0, z: 0}
  m_LocalScale: {x: 1, y: 1, z: 1}
  m_Children:
  - {fileID: 9175269962350422136}
  - {fileID: 8472860769085914625}
  - {fileID: 7800754397165064934}
  m_Father: {fileID: 5436863363908611164}
  m_RootOrder: 1
  m_LocalEulerAnglesHint: {x: 0, y: 0, z: 0}
--- !u!1 &9184403032790250445
GameObject:
  m_ObjectHideFlags: 0
  m_CorrespondingSourceObject: {fileID: 0}
  m_PrefabInstance: {fileID: 0}
  m_PrefabAsset: {fileID: 0}
  serializedVersion: 6
  m_Component:
  - component: {fileID: 7992876963643056408}
  m_Layer: 0
  m_Name: Wave 1
  m_TagString: Enemy
  m_Icon: {fileID: 0}
  m_NavMeshLayer: 0
  m_StaticEditorFlags: 0
  m_IsActive: 0
--- !u!4 &7992876963643056408
Transform:
  m_ObjectHideFlags: 0
  m_CorrespondingSourceObject: {fileID: 0}
  m_PrefabInstance: {fileID: 0}
  m_PrefabAsset: {fileID: 0}
  m_GameObject: {fileID: 9184403032790250445}
  m_LocalRotation: {x: 0, y: 0, z: 0, w: 1}
  m_LocalPosition: {x: 0, y: 0, z: 0}
  m_LocalScale: {x: 1, y: 1, z: 1}
  m_Children:
  - {fileID: 3178270238954340778}
  - {fileID: 5800364445762310324}
  - {fileID: 3578957999176118715}
  - {fileID: 7371127725768241631}
  - {fileID: 8793397111740358791}
  m_Father: {fileID: 5436863363908611164}
  m_RootOrder: 0
  m_LocalEulerAnglesHint: {x: 0, y: 0, z: 0}
--- !u!1001 &2054865185486596636
PrefabInstance:
  m_ObjectHideFlags: 0
  serializedVersion: 2
  m_Modification:
    m_TransformParent: {fileID: 370574141007858936}
    m_Modifications:
    - target: {fileID: 576922735852271238, guid: b81b6b1d79d70e44a93f8ae4c01441f0,
        type: 3}
      propertyPath: fireRate
      value: 0.5
      objectReference: {fileID: 0}
    - target: {fileID: 576922735852271238, guid: b81b6b1d79d70e44a93f8ae4c01441f0,
        type: 3}
      propertyPath: numberBullet
      value: 5
      objectReference: {fileID: 0}
    - target: {fileID: 576922735852271238, guid: b81b6b1d79d70e44a93f8ae4c01441f0,
        type: 3}
      propertyPath: damage
      value: 3
      objectReference: {fileID: 0}
    - target: {fileID: 576922735852271238, guid: b81b6b1d79d70e44a93f8ae4c01441f0,
        type: 3}
      propertyPath: bulletPrefab
      value: 
      objectReference: {fileID: 1300573103503756, guid: 0f8db6274757dd4479c6d5db5b0d9e1a,
        type: 3}
    - target: {fileID: 3524881547844810008, guid: b81b6b1d79d70e44a93f8ae4c01441f0,
        type: 3}
      propertyPath: m_Name
      value: Sin Gun (1)
      objectReference: {fileID: 0}
    - target: {fileID: 8040199909076641429, guid: b81b6b1d79d70e44a93f8ae4c01441f0,
        type: 3}
      propertyPath: m_LocalPosition.x
      value: 4.5
      objectReference: {fileID: 0}
    - target: {fileID: 8040199909076641429, guid: b81b6b1d79d70e44a93f8ae4c01441f0,
        type: 3}
      propertyPath: m_LocalPosition.y
      value: -6
      objectReference: {fileID: 0}
    - target: {fileID: 8040199909076641429, guid: b81b6b1d79d70e44a93f8ae4c01441f0,
        type: 3}
      propertyPath: m_LocalPosition.z
      value: -3
      objectReference: {fileID: 0}
    - target: {fileID: 8040199909076641429, guid: b81b6b1d79d70e44a93f8ae4c01441f0,
        type: 3}
      propertyPath: m_LocalRotation.x
      value: 0.7071068
      objectReference: {fileID: 0}
    - target: {fileID: 8040199909076641429, guid: b81b6b1d79d70e44a93f8ae4c01441f0,
        type: 3}
      propertyPath: m_LocalRotation.y
      value: -0
      objectReference: {fileID: 0}
    - target: {fileID: 8040199909076641429, guid: b81b6b1d79d70e44a93f8ae4c01441f0,
        type: 3}
      propertyPath: m_LocalRotation.z
      value: -0
      objectReference: {fileID: 0}
    - target: {fileID: 8040199909076641429, guid: b81b6b1d79d70e44a93f8ae4c01441f0,
        type: 3}
      propertyPath: m_LocalRotation.w
      value: 0.7071068
      objectReference: {fileID: 0}
    - target: {fileID: 8040199909076641429, guid: b81b6b1d79d70e44a93f8ae4c01441f0,
        type: 3}
      propertyPath: m_RootOrder
      value: 2
      objectReference: {fileID: 0}
    - target: {fileID: 8040199909076641429, guid: b81b6b1d79d70e44a93f8ae4c01441f0,
        type: 3}
      propertyPath: m_LocalEulerAnglesHint.x
      value: 90
      objectReference: {fileID: 0}
    - target: {fileID: 8040199909076641429, guid: b81b6b1d79d70e44a93f8ae4c01441f0,
        type: 3}
      propertyPath: m_LocalEulerAnglesHint.y
      value: 0
      objectReference: {fileID: 0}
    - target: {fileID: 8040199909076641429, guid: b81b6b1d79d70e44a93f8ae4c01441f0,
        type: 3}
      propertyPath: m_LocalEulerAnglesHint.z
      value: 0
      objectReference: {fileID: 0}
    m_RemovedComponents: []
  m_SourcePrefab: {fileID: 100100000, guid: b81b6b1d79d70e44a93f8ae4c01441f0, type: 3}
--- !u!4 &8291372964840656009 stripped
Transform:
  m_CorrespondingSourceObject: {fileID: 8040199909076641429, guid: b81b6b1d79d70e44a93f8ae4c01441f0,
    type: 3}
  m_PrefabInstance: {fileID: 2054865185486596636}
  m_PrefabAsset: {fileID: 0}
--- !u!1001 &2656656013694627402
PrefabInstance:
  m_ObjectHideFlags: 0
  serializedVersion: 2
  m_Modification:
    m_TransformParent: {fileID: 7992876963643056408}
    m_Modifications:
    - target: {fileID: 1546236361001082864, guid: 68f4df4783691c44c8a03e1ad889e15d,
        type: 3}
      propertyPath: bulletPrefab
      value: 
      objectReference: {fileID: 1481244868773408, guid: 72740f29ee533844cba431f7d8095442,
        type: 3}
    - target: {fileID: 1546236361001082864, guid: 68f4df4783691c44c8a03e1ad889e15d,
        type: 3}
      propertyPath: damage
      value: 10
      objectReference: {fileID: 0}
    - target: {fileID: 1546236361001082865, guid: 68f4df4783691c44c8a03e1ad889e15d,
        type: 3}
      propertyPath: m_LocalPosition.x
      value: 4.5
      objectReference: {fileID: 0}
    - target: {fileID: 1546236361001082865, guid: 68f4df4783691c44c8a03e1ad889e15d,
        type: 3}
      propertyPath: m_LocalPosition.y
      value: -6
      objectReference: {fileID: 0}
    - target: {fileID: 1546236361001082865, guid: 68f4df4783691c44c8a03e1ad889e15d,
        type: 3}
      propertyPath: m_LocalPosition.z
      value: -3
      objectReference: {fileID: 0}
    - target: {fileID: 1546236361001082865, guid: 68f4df4783691c44c8a03e1ad889e15d,
        type: 3}
      propertyPath: m_LocalRotation.x
      value: 0.7071068
      objectReference: {fileID: 0}
    - target: {fileID: 1546236361001082865, guid: 68f4df4783691c44c8a03e1ad889e15d,
        type: 3}
      propertyPath: m_LocalRotation.y
      value: -0
      objectReference: {fileID: 0}
    - target: {fileID: 1546236361001082865, guid: 68f4df4783691c44c8a03e1ad889e15d,
        type: 3}
      propertyPath: m_LocalRotation.z
      value: -0
      objectReference: {fileID: 0}
    - target: {fileID: 1546236361001082865, guid: 68f4df4783691c44c8a03e1ad889e15d,
        type: 3}
      propertyPath: m_LocalRotation.w
      value: 0.7071068
      objectReference: {fileID: 0}
    - target: {fileID: 1546236361001082865, guid: 68f4df4783691c44c8a03e1ad889e15d,
        type: 3}
      propertyPath: m_RootOrder
      value: 2
      objectReference: {fileID: 0}
    - target: {fileID: 1546236361001082865, guid: 68f4df4783691c44c8a03e1ad889e15d,
        type: 3}
      propertyPath: m_LocalEulerAnglesHint.x
      value: 90
      objectReference: {fileID: 0}
    - target: {fileID: 1546236361001082865, guid: 68f4df4783691c44c8a03e1ad889e15d,
        type: 3}
      propertyPath: m_LocalEulerAnglesHint.y
      value: 0
      objectReference: {fileID: 0}
    - target: {fileID: 1546236361001082865, guid: 68f4df4783691c44c8a03e1ad889e15d,
        type: 3}
      propertyPath: m_LocalEulerAnglesHint.z
      value: 0
      objectReference: {fileID: 0}
    - target: {fileID: 1546236361001082865, guid: 68f4df4783691c44c8a03e1ad889e15d,
        type: 3}
      propertyPath: m_LocalScale.x
      value: 0.17999999
      objectReference: {fileID: 0}
    - target: {fileID: 1546236361001082865, guid: 68f4df4783691c44c8a03e1ad889e15d,
        type: 3}
      propertyPath: m_LocalScale.y
      value: 0.17999998
      objectReference: {fileID: 0}
    - target: {fileID: 1546236361001082865, guid: 68f4df4783691c44c8a03e1ad889e15d,
        type: 3}
      propertyPath: m_LocalScale.z
      value: 0.17999998
      objectReference: {fileID: 0}
    - target: {fileID: 1546236361001082871, guid: 68f4df4783691c44c8a03e1ad889e15d,
        type: 3}
      propertyPath: m_Name
      value: FollowGun (2)
      objectReference: {fileID: 0}
    - target: {fileID: 1546236361001082871, guid: 68f4df4783691c44c8a03e1ad889e15d,
        type: 3}
      propertyPath: m_IsActive
      value: 1
      objectReference: {fileID: 0}
    m_RemovedComponents: []
  m_SourcePrefab: {fileID: 100100000, guid: 68f4df4783691c44c8a03e1ad889e15d, type: 3}
--- !u!4 &3578957999176118715 stripped
Transform:
  m_CorrespondingSourceObject: {fileID: 1546236361001082865, guid: 68f4df4783691c44c8a03e1ad889e15d,
    type: 3}
  m_PrefabInstance: {fileID: 2656656013694627402}
  m_PrefabAsset: {fileID: 0}
--- !u!1001 &3350352071083253346
PrefabInstance:
  m_ObjectHideFlags: 0
  serializedVersion: 2
  m_Modification:
    m_TransformParent: {fileID: 370574141007858936}
    m_Modifications:
    - target: {fileID: 576922735852271238, guid: b81b6b1d79d70e44a93f8ae4c01441f0,
        type: 3}
      propertyPath: fireRate
      value: 0.5
      objectReference: {fileID: 0}
    - target: {fileID: 576922735852271238, guid: b81b6b1d79d70e44a93f8ae4c01441f0,
        type: 3}
      propertyPath: numberBullet
      value: 5
      objectReference: {fileID: 0}
    - target: {fileID: 576922735852271238, guid: b81b6b1d79d70e44a93f8ae4c01441f0,
        type: 3}
      propertyPath: damage
      value: 3
      objectReference: {fileID: 0}
    - target: {fileID: 576922735852271238, guid: b81b6b1d79d70e44a93f8ae4c01441f0,
        type: 3}
      propertyPath: bulletPrefab
      value: 
      objectReference: {fileID: 1300573103503756, guid: 0f8db6274757dd4479c6d5db5b0d9e1a,
        type: 3}
    - target: {fileID: 3524881547844810008, guid: b81b6b1d79d70e44a93f8ae4c01441f0,
        type: 3}
      propertyPath: m_Name
      value: Sin Gun
      objectReference: {fileID: 0}
    - target: {fileID: 8040199909076641429, guid: b81b6b1d79d70e44a93f8ae4c01441f0,
        type: 3}
      propertyPath: m_LocalPosition.x
      value: -4.5
      objectReference: {fileID: 0}
    - target: {fileID: 8040199909076641429, guid: b81b6b1d79d70e44a93f8ae4c01441f0,
        type: 3}
      propertyPath: m_LocalPosition.y
      value: -6
      objectReference: {fileID: 0}
    - target: {fileID: 8040199909076641429, guid: b81b6b1d79d70e44a93f8ae4c01441f0,
        type: 3}
      propertyPath: m_LocalPosition.z
      value: -3
      objectReference: {fileID: 0}
    - target: {fileID: 8040199909076641429, guid: b81b6b1d79d70e44a93f8ae4c01441f0,
        type: 3}
      propertyPath: m_LocalRotation.x
      value: 0.7071068
      objectReference: {fileID: 0}
    - target: {fileID: 8040199909076641429, guid: b81b6b1d79d70e44a93f8ae4c01441f0,
        type: 3}
      propertyPath: m_LocalRotation.y
      value: -0
      objectReference: {fileID: 0}
    - target: {fileID: 8040199909076641429, guid: b81b6b1d79d70e44a93f8ae4c01441f0,
        type: 3}
      propertyPath: m_LocalRotation.z
      value: -0
      objectReference: {fileID: 0}
    - target: {fileID: 8040199909076641429, guid: b81b6b1d79d70e44a93f8ae4c01441f0,
        type: 3}
      propertyPath: m_LocalRotation.w
      value: 0.7071068
      objectReference: {fileID: 0}
    - target: {fileID: 8040199909076641429, guid: b81b6b1d79d70e44a93f8ae4c01441f0,
        type: 3}
      propertyPath: m_RootOrder
      value: 1
      objectReference: {fileID: 0}
    - target: {fileID: 8040199909076641429, guid: b81b6b1d79d70e44a93f8ae4c01441f0,
        type: 3}
      propertyPath: m_LocalEulerAnglesHint.x
      value: 90
      objectReference: {fileID: 0}
    - target: {fileID: 8040199909076641429, guid: b81b6b1d79d70e44a93f8ae4c01441f0,
        type: 3}
      propertyPath: m_LocalEulerAnglesHint.y
      value: 0
      objectReference: {fileID: 0}
    - target: {fileID: 8040199909076641429, guid: b81b6b1d79d70e44a93f8ae4c01441f0,
        type: 3}
      propertyPath: m_LocalEulerAnglesHint.z
      value: 0
      objectReference: {fileID: 0}
    m_RemovedComponents: []
  m_SourcePrefab: {fileID: 100100000, guid: b81b6b1d79d70e44a93f8ae4c01441f0, type: 3}
--- !u!4 &4749697004681918711 stripped
Transform:
  m_CorrespondingSourceObject: {fileID: 8040199909076641429, guid: b81b6b1d79d70e44a93f8ae4c01441f0,
    type: 3}
  m_PrefabInstance: {fileID: 3350352071083253346}
  m_PrefabAsset: {fileID: 0}
--- !u!1001 &3592878904190997164
PrefabInstance:
  m_ObjectHideFlags: 0
  serializedVersion: 2
  m_Modification:
    m_TransformParent: {fileID: 5436863363908611164}
    m_Modifications:
    - target: {fileID: 1152354105411914, guid: cdbec52167efb6a48b63cebb3284c246, type: 3}
      propertyPath: m_Name
      value: Boss
      objectReference: {fileID: 0}
    - target: {fileID: 4657497382128574, guid: cdbec52167efb6a48b63cebb3284c246, type: 3}
      propertyPath: m_LocalPosition.x
      value: 0
      objectReference: {fileID: 0}
    - target: {fileID: 4657497382128574, guid: cdbec52167efb6a48b63cebb3284c246, type: 3}
      propertyPath: m_LocalPosition.y
      value: 0
      objectReference: {fileID: 0}
    - target: {fileID: 4657497382128574, guid: cdbec52167efb6a48b63cebb3284c246, type: 3}
      propertyPath: m_LocalPosition.z
      value: 0
      objectReference: {fileID: 0}
    - target: {fileID: 4657497382128574, guid: cdbec52167efb6a48b63cebb3284c246, type: 3}
      propertyPath: m_LocalRotation.x
      value: 0
      objectReference: {fileID: 0}
    - target: {fileID: 4657497382128574, guid: cdbec52167efb6a48b63cebb3284c246, type: 3}
      propertyPath: m_LocalRotation.y
      value: 0.7071068
      objectReference: {fileID: 0}
    - target: {fileID: 4657497382128574, guid: cdbec52167efb6a48b63cebb3284c246, type: 3}
      propertyPath: m_LocalRotation.z
      value: -0.7071068
      objectReference: {fileID: 0}
    - target: {fileID: 4657497382128574, guid: cdbec52167efb6a48b63cebb3284c246, type: 3}
      propertyPath: m_LocalRotation.w
      value: 0
      objectReference: {fileID: 0}
    - target: {fileID: 4657497382128574, guid: cdbec52167efb6a48b63cebb3284c246, type: 3}
      propertyPath: m_RootOrder
      value: 3
      objectReference: {fileID: 0}
    - target: {fileID: 4657497382128574, guid: cdbec52167efb6a48b63cebb3284c246, type: 3}
      propertyPath: m_LocalEulerAnglesHint.x
      value: 90
      objectReference: {fileID: 0}
    - target: {fileID: 4657497382128574, guid: cdbec52167efb6a48b63cebb3284c246, type: 3}
      propertyPath: m_LocalEulerAnglesHint.y
      value: 180
      objectReference: {fileID: 0}
    - target: {fileID: 4657497382128574, guid: cdbec52167efb6a48b63cebb3284c246, type: 3}
      propertyPath: m_LocalEulerAnglesHint.z
      value: 0
      objectReference: {fileID: 0}
    - target: {fileID: 4657497382128574, guid: cdbec52167efb6a48b63cebb3284c246, type: 3}
      propertyPath: m_LocalScale.x
      value: 1
      objectReference: {fileID: 0}
    - target: {fileID: 4657497382128574, guid: cdbec52167efb6a48b63cebb3284c246, type: 3}
      propertyPath: m_LocalScale.y
      value: 1
      objectReference: {fileID: 0}
    - target: {fileID: 4657497382128574, guid: cdbec52167efb6a48b63cebb3284c246, type: 3}
      propertyPath: m_LocalScale.z
      value: 1
      objectReference: {fileID: 0}
    m_RemovedComponents: []
  m_SourcePrefab: {fileID: 100100000, guid: cdbec52167efb6a48b63cebb3284c246, type: 3}
--- !u!4 &3588510922232928530 stripped
Transform:
  m_CorrespondingSourceObject: {fileID: 4657497382128574, guid: cdbec52167efb6a48b63cebb3284c246,
    type: 3}
  m_PrefabInstance: {fileID: 3592878904190997164}
  m_PrefabAsset: {fileID: 0}
--- !u!1001 &4138295918628888155
PrefabInstance:
  m_ObjectHideFlags: 0
  serializedVersion: 2
  m_Modification:
    m_TransformParent: {fileID: 7992876963643056408}
    m_Modifications:
    - target: {fileID: 1546236361001082864, guid: 68f4df4783691c44c8a03e1ad889e15d,
        type: 3}
      propertyPath: bulletPrefab
      value: 
      objectReference: {fileID: 1481244868773408, guid: 72740f29ee533844cba431f7d8095442,
        type: 3}
    - target: {fileID: 1546236361001082864, guid: 68f4df4783691c44c8a03e1ad889e15d,
        type: 3}
      propertyPath: damage
      value: 10
      objectReference: {fileID: 0}
    - target: {fileID: 1546236361001082865, guid: 68f4df4783691c44c8a03e1ad889e15d,
        type: 3}
      propertyPath: m_LocalPosition.x
      value: -4.5
      objectReference: {fileID: 0}
    - target: {fileID: 1546236361001082865, guid: 68f4df4783691c44c8a03e1ad889e15d,
        type: 3}
      propertyPath: m_LocalPosition.y
      value: -6
      objectReference: {fileID: 0}
    - target: {fileID: 1546236361001082865, guid: 68f4df4783691c44c8a03e1ad889e15d,
        type: 3}
      propertyPath: m_LocalPosition.z
      value: -3
      objectReference: {fileID: 0}
    - target: {fileID: 1546236361001082865, guid: 68f4df4783691c44c8a03e1ad889e15d,
        type: 3}
      propertyPath: m_LocalRotation.x
      value: 0.7071068
      objectReference: {fileID: 0}
    - target: {fileID: 1546236361001082865, guid: 68f4df4783691c44c8a03e1ad889e15d,
        type: 3}
      propertyPath: m_LocalRotation.y
      value: -0
      objectReference: {fileID: 0}
    - target: {fileID: 1546236361001082865, guid: 68f4df4783691c44c8a03e1ad889e15d,
        type: 3}
      propertyPath: m_LocalRotation.z
      value: -0
      objectReference: {fileID: 0}
    - target: {fileID: 1546236361001082865, guid: 68f4df4783691c44c8a03e1ad889e15d,
        type: 3}
      propertyPath: m_LocalRotation.w
      value: 0.7071068
      objectReference: {fileID: 0}
    - target: {fileID: 1546236361001082865, guid: 68f4df4783691c44c8a03e1ad889e15d,
        type: 3}
      propertyPath: m_RootOrder
      value: 0
      objectReference: {fileID: 0}
    - target: {fileID: 1546236361001082865, guid: 68f4df4783691c44c8a03e1ad889e15d,
        type: 3}
      propertyPath: m_LocalEulerAnglesHint.x
      value: 90
      objectReference: {fileID: 0}
    - target: {fileID: 1546236361001082865, guid: 68f4df4783691c44c8a03e1ad889e15d,
        type: 3}
      propertyPath: m_LocalEulerAnglesHint.y
      value: 0
      objectReference: {fileID: 0}
    - target: {fileID: 1546236361001082865, guid: 68f4df4783691c44c8a03e1ad889e15d,
        type: 3}
      propertyPath: m_LocalEulerAnglesHint.z
      value: 0
      objectReference: {fileID: 0}
    - target: {fileID: 1546236361001082865, guid: 68f4df4783691c44c8a03e1ad889e15d,
        type: 3}
      propertyPath: m_LocalScale.x
      value: 0.17999999
      objectReference: {fileID: 0}
    - target: {fileID: 1546236361001082865, guid: 68f4df4783691c44c8a03e1ad889e15d,
        type: 3}
      propertyPath: m_LocalScale.y
      value: 0.17999998
      objectReference: {fileID: 0}
    - target: {fileID: 1546236361001082865, guid: 68f4df4783691c44c8a03e1ad889e15d,
        type: 3}
      propertyPath: m_LocalScale.z
      value: 0.17999998
      objectReference: {fileID: 0}
    - target: {fileID: 1546236361001082871, guid: 68f4df4783691c44c8a03e1ad889e15d,
        type: 3}
      propertyPath: m_Name
      value: FollowGun
      objectReference: {fileID: 0}
    - target: {fileID: 1546236361001082871, guid: 68f4df4783691c44c8a03e1ad889e15d,
        type: 3}
      propertyPath: m_IsActive
      value: 1
      objectReference: {fileID: 0}
    m_RemovedComponents: []
  m_SourcePrefab: {fileID: 100100000, guid: 68f4df4783691c44c8a03e1ad889e15d, type: 3}
--- !u!4 &3178270238954340778 stripped
Transform:
  m_CorrespondingSourceObject: {fileID: 1546236361001082865, guid: 68f4df4783691c44c8a03e1ad889e15d,
    type: 3}
  m_PrefabInstance: {fileID: 4138295918628888155}
  m_PrefabAsset: {fileID: 0}
--- !u!1001 &4490088991033182243
PrefabInstance:
  m_ObjectHideFlags: 0
  serializedVersion: 2
  m_Modification:
    m_TransformParent: {fileID: 370574141007858936}
    m_Modifications:
    - target: {fileID: -3747665741880921037, guid: ac649631f462393489e6d41c7f2d6ae5,
        type: 3}
      propertyPath: bulletPrefab
      value: 
      objectReference: {fileID: 1531814124222292, guid: bc1c406e8debe27419da2b3a80a1ef99,
        type: 3}
    - target: {fileID: -3747665741880921037, guid: ac649631f462393489e6d41c7f2d6ae5,
        type: 3}
      propertyPath: fireRate
      value: 0.5
      objectReference: {fileID: 0}
    - target: {fileID: -3747665741880921037, guid: ac649631f462393489e6d41c7f2d6ae5,
        type: 3}
      propertyPath: damage
      value: 30
      objectReference: {fileID: 0}
    - target: {fileID: 192451747950484066, guid: ac649631f462393489e6d41c7f2d6ae5,
        type: 3}
      propertyPath: m_Name
      value: Explosive Gun
      objectReference: {fileID: 0}
    - target: {fileID: 192451747950484067, guid: ac649631f462393489e6d41c7f2d6ae5,
        type: 3}
      propertyPath: m_LocalPosition.x
      value: 0
      objectReference: {fileID: 0}
    - target: {fileID: 192451747950484067, guid: ac649631f462393489e6d41c7f2d6ae5,
        type: 3}
      propertyPath: m_LocalPosition.y
      value: -10
      objectReference: {fileID: 0}
    - target: {fileID: 192451747950484067, guid: ac649631f462393489e6d41c7f2d6ae5,
        type: 3}
      propertyPath: m_LocalPosition.z
      value: -3
      objectReference: {fileID: 0}
    - target: {fileID: 192451747950484067, guid: ac649631f462393489e6d41c7f2d6ae5,
        type: 3}
      propertyPath: m_LocalRotation.x
      value: -0.7071068
      objectReference: {fileID: 0}
    - target: {fileID: 192451747950484067, guid: ac649631f462393489e6d41c7f2d6ae5,
        type: 3}
      propertyPath: m_LocalRotation.y
      value: 0
      objectReference: {fileID: 0}
    - target: {fileID: 192451747950484067, guid: ac649631f462393489e6d41c7f2d6ae5,
        type: 3}
      propertyPath: m_LocalRotation.z
      value: 0
      objectReference: {fileID: 0}
    - target: {fileID: 192451747950484067, guid: ac649631f462393489e6d41c7f2d6ae5,
        type: 3}
      propertyPath: m_LocalRotation.w
      value: 0.7071068
      objectReference: {fileID: 0}
    - target: {fileID: 192451747950484067, guid: ac649631f462393489e6d41c7f2d6ae5,
        type: 3}
      propertyPath: m_RootOrder
      value: 0
      objectReference: {fileID: 0}
    - target: {fileID: 192451747950484067, guid: ac649631f462393489e6d41c7f2d6ae5,
        type: 3}
      propertyPath: m_LocalEulerAnglesHint.x
      value: -90
      objectReference: {fileID: 0}
    - target: {fileID: 192451747950484067, guid: ac649631f462393489e6d41c7f2d6ae5,
        type: 3}
      propertyPath: m_LocalEulerAnglesHint.y
      value: 0
      objectReference: {fileID: 0}
    - target: {fileID: 192451747950484067, guid: ac649631f462393489e6d41c7f2d6ae5,
        type: 3}
      propertyPath: m_LocalEulerAnglesHint.z
      value: 0
      objectReference: {fileID: 0}
    m_RemovedComponents: []
  m_SourcePrefab: {fileID: 100100000, guid: ac649631f462393489e6d41c7f2d6ae5, type: 3}
--- !u!4 &4394310359864906304 stripped
Transform:
  m_CorrespondingSourceObject: {fileID: 192451747950484067, guid: ac649631f462393489e6d41c7f2d6ae5,
    type: 3}
  m_PrefabInstance: {fileID: 4490088991033182243}
  m_PrefabAsset: {fileID: 0}
--- !u!1001 &4974891527574966085
PrefabInstance:
  m_ObjectHideFlags: 0
  serializedVersion: 2
  m_Modification:
    m_TransformParent: {fileID: 7992876963643056408}
    m_Modifications:
    - target: {fileID: 1546236361001082864, guid: 68f4df4783691c44c8a03e1ad889e15d,
        type: 3}
      propertyPath: bulletPrefab
      value: 
      objectReference: {fileID: 1481244868773408, guid: 72740f29ee533844cba431f7d8095442,
        type: 3}
    - target: {fileID: 1546236361001082864, guid: 68f4df4783691c44c8a03e1ad889e15d,
        type: 3}
      propertyPath: damage
      value: 10
      objectReference: {fileID: 0}
    - target: {fileID: 1546236361001082865, guid: 68f4df4783691c44c8a03e1ad889e15d,
        type: 3}
      propertyPath: m_LocalPosition.x
      value: -3.5
      objectReference: {fileID: 0}
    - target: {fileID: 1546236361001082865, guid: 68f4df4783691c44c8a03e1ad889e15d,
        type: 3}
      propertyPath: m_LocalPosition.y
      value: -6
      objectReference: {fileID: 0}
    - target: {fileID: 1546236361001082865, guid: 68f4df4783691c44c8a03e1ad889e15d,
        type: 3}
      propertyPath: m_LocalPosition.z
      value: -3
      objectReference: {fileID: 0}
    - target: {fileID: 1546236361001082865, guid: 68f4df4783691c44c8a03e1ad889e15d,
        type: 3}
      propertyPath: m_LocalRotation.x
      value: 0.7071068
      objectReference: {fileID: 0}
    - target: {fileID: 1546236361001082865, guid: 68f4df4783691c44c8a03e1ad889e15d,
        type: 3}
      propertyPath: m_LocalRotation.y
      value: -0
      objectReference: {fileID: 0}
    - target: {fileID: 1546236361001082865, guid: 68f4df4783691c44c8a03e1ad889e15d,
        type: 3}
      propertyPath: m_LocalRotation.z
      value: -0
      objectReference: {fileID: 0}
    - target: {fileID: 1546236361001082865, guid: 68f4df4783691c44c8a03e1ad889e15d,
        type: 3}
      propertyPath: m_LocalRotation.w
      value: 0.7071068
      objectReference: {fileID: 0}
    - target: {fileID: 1546236361001082865, guid: 68f4df4783691c44c8a03e1ad889e15d,
        type: 3}
      propertyPath: m_RootOrder
      value: 1
      objectReference: {fileID: 0}
    - target: {fileID: 1546236361001082865, guid: 68f4df4783691c44c8a03e1ad889e15d,
        type: 3}
      propertyPath: m_LocalEulerAnglesHint.x
      value: 90
      objectReference: {fileID: 0}
    - target: {fileID: 1546236361001082865, guid: 68f4df4783691c44c8a03e1ad889e15d,
        type: 3}
      propertyPath: m_LocalEulerAnglesHint.y
      value: 0
      objectReference: {fileID: 0}
    - target: {fileID: 1546236361001082865, guid: 68f4df4783691c44c8a03e1ad889e15d,
        type: 3}
      propertyPath: m_LocalEulerAnglesHint.z
      value: 0
      objectReference: {fileID: 0}
    - target: {fileID: 1546236361001082865, guid: 68f4df4783691c44c8a03e1ad889e15d,
        type: 3}
      propertyPath: m_LocalScale.x
      value: 0.17999999
      objectReference: {fileID: 0}
    - target: {fileID: 1546236361001082865, guid: 68f4df4783691c44c8a03e1ad889e15d,
        type: 3}
      propertyPath: m_LocalScale.y
      value: 0.17999998
      objectReference: {fileID: 0}
    - target: {fileID: 1546236361001082865, guid: 68f4df4783691c44c8a03e1ad889e15d,
        type: 3}
      propertyPath: m_LocalScale.z
      value: 0.17999998
      objectReference: {fileID: 0}
    - target: {fileID: 1546236361001082871, guid: 68f4df4783691c44c8a03e1ad889e15d,
        type: 3}
      propertyPath: m_Name
      value: FollowGun (1)
      objectReference: {fileID: 0}
    - target: {fileID: 1546236361001082871, guid: 68f4df4783691c44c8a03e1ad889e15d,
        type: 3}
      propertyPath: m_IsActive
      value: 1
      objectReference: {fileID: 0}
    m_RemovedComponents: []
  m_SourcePrefab: {fileID: 100100000, guid: 68f4df4783691c44c8a03e1ad889e15d, type: 3}
--- !u!4 &5800364445762310324 stripped
Transform:
  m_CorrespondingSourceObject: {fileID: 1546236361001082865, guid: 68f4df4783691c44c8a03e1ad889e15d,
    type: 3}
  m_PrefabInstance: {fileID: 4974891527574966085}
  m_PrefabAsset: {fileID: 0}
--- !u!1001 &7149252095067994520
PrefabInstance:
  m_ObjectHideFlags: 0
  serializedVersion: 2
  m_Modification:
    m_TransformParent: {fileID: 2403864830325369944}
    m_Modifications:
    - target: {fileID: 2045238472461767136, guid: e86abcaae236d4c4998b35e2769868df,
        type: 3}
      propertyPath: m_LocalPosition.x
      value: 0
      objectReference: {fileID: 0}
    - target: {fileID: 2045238472461767136, guid: e86abcaae236d4c4998b35e2769868df,
        type: 3}
      propertyPath: m_LocalPosition.y
      value: -10
      objectReference: {fileID: 0}
    - target: {fileID: 2045238472461767136, guid: e86abcaae236d4c4998b35e2769868df,
        type: 3}
      propertyPath: m_LocalPosition.z
      value: -3
      objectReference: {fileID: 0}
    - target: {fileID: 2045238472461767136, guid: e86abcaae236d4c4998b35e2769868df,
        type: 3}
      propertyPath: m_LocalRotation.x
      value: 0.7071068
      objectReference: {fileID: 0}
    - target: {fileID: 2045238472461767136, guid: e86abcaae236d4c4998b35e2769868df,
        type: 3}
      propertyPath: m_LocalRotation.y
      value: -0
      objectReference: {fileID: 0}
    - target: {fileID: 2045238472461767136, guid: e86abcaae236d4c4998b35e2769868df,
        type: 3}
      propertyPath: m_LocalRotation.z
      value: -0
      objectReference: {fileID: 0}
    - target: {fileID: 2045238472461767136, guid: e86abcaae236d4c4998b35e2769868df,
        type: 3}
      propertyPath: m_LocalRotation.w
      value: 0.7071068
      objectReference: {fileID: 0}
    - target: {fileID: 2045238472461767136, guid: e86abcaae236d4c4998b35e2769868df,
        type: 3}
      propertyPath: m_RootOrder
      value: 0
      objectReference: {fileID: 0}
    - target: {fileID: 2045238472461767136, guid: e86abcaae236d4c4998b35e2769868df,
        type: 3}
      propertyPath: m_LocalEulerAnglesHint.x
      value: 90
      objectReference: {fileID: 0}
    - target: {fileID: 2045238472461767136, guid: e86abcaae236d4c4998b35e2769868df,
        type: 3}
      propertyPath: m_LocalEulerAnglesHint.y
      value: 0
      objectReference: {fileID: 0}
    - target: {fileID: 2045238472461767136, guid: e86abcaae236d4c4998b35e2769868df,
        type: 3}
      propertyPath: m_LocalEulerAnglesHint.z
      value: 0
      objectReference: {fileID: 0}
    - target: {fileID: 2045238472461767136, guid: e86abcaae236d4c4998b35e2769868df,
        type: 3}
      propertyPath: m_LocalScale.x
      value: 1
      objectReference: {fileID: 0}
    - target: {fileID: 2045238472461767136, guid: e86abcaae236d4c4998b35e2769868df,
        type: 3}
      propertyPath: m_LocalScale.y
      value: 1
      objectReference: {fileID: 0}
    - target: {fileID: 2045238472461767136, guid: e86abcaae236d4c4998b35e2769868df,
        type: 3}
      propertyPath: m_LocalScale.z
      value: 1
      objectReference: {fileID: 0}
    - target: {fileID: 2045238472461767137, guid: e86abcaae236d4c4998b35e2769868df,
        type: 3}
      propertyPath: Width
      value: 4
      objectReference: {fileID: 0}
    - target: {fileID: 2045238472461767137, guid: e86abcaae236d4c4998b35e2769868df,
        type: 3}
      propertyPath: damage
      value: 1
      objectReference: {fileID: 0}
    - target: {fileID: 2045238472461767137, guid: e86abcaae236d4c4998b35e2769868df,
        type: 3}
      propertyPath: bulletPrefab
      value: 
      objectReference: {fileID: 1818483698145146, guid: 6028b5b4fbbf45e45a362de709aa2e18,
        type: 3}
    - target: {fileID: 2045238472461767137, guid: e86abcaae236d4c4998b35e2769868df,
        type: 3}
      propertyPath: wait
      value: 1
      objectReference: {fileID: 0}
    - target: {fileID: 2045238472461767137, guid: e86abcaae236d4c4998b35e2769868df,
        type: 3}
      propertyPath: oneTime
      value: 1
      objectReference: {fileID: 0}
    - target: {fileID: 2045238472461767138, guid: e86abcaae236d4c4998b35e2769868df,
        type: 3}
      propertyPath: m_Name
      value: Laser Gun
      objectReference: {fileID: 0}
    - target: {fileID: 2045238472461767138, guid: e86abcaae236d4c4998b35e2769868df,
        type: 3}
      propertyPath: m_IsActive
      value: 1
      objectReference: {fileID: 0}
    m_RemovedComponents: []
  m_SourcePrefab: {fileID: 100100000, guid: e86abcaae236d4c4998b35e2769868df, type: 3}
--- !u!4 &9175269962350422136 stripped
Transform:
  m_CorrespondingSourceObject: {fileID: 2045238472461767136, guid: e86abcaae236d4c4998b35e2769868df,
    type: 3}
  m_PrefabInstance: {fileID: 7149252095067994520}
  m_PrefabAsset: {fileID: 0}
--- !u!1001 &7635712944180735969
PrefabInstance:
  m_ObjectHideFlags: 0
  serializedVersion: 2
  m_Modification:
    m_TransformParent: {fileID: 2403864830325369944}
    m_Modifications:
    - target: {fileID: 2045238472461767136, guid: e86abcaae236d4c4998b35e2769868df,
        type: 3}
      propertyPath: m_LocalPosition.x
      value: -4.5
      objectReference: {fileID: 0}
    - target: {fileID: 2045238472461767136, guid: e86abcaae236d4c4998b35e2769868df,
        type: 3}
      propertyPath: m_LocalPosition.y
      value: -6
      objectReference: {fileID: 0}
    - target: {fileID: 2045238472461767136, guid: e86abcaae236d4c4998b35e2769868df,
        type: 3}
      propertyPath: m_LocalPosition.z
      value: -3
      objectReference: {fileID: 0}
    - target: {fileID: 2045238472461767136, guid: e86abcaae236d4c4998b35e2769868df,
        type: 3}
      propertyPath: m_LocalRotation.x
      value: 0.7071068
      objectReference: {fileID: 0}
    - target: {fileID: 2045238472461767136, guid: e86abcaae236d4c4998b35e2769868df,
        type: 3}
      propertyPath: m_LocalRotation.y
      value: -0
      objectReference: {fileID: 0}
    - target: {fileID: 2045238472461767136, guid: e86abcaae236d4c4998b35e2769868df,
        type: 3}
      propertyPath: m_LocalRotation.z
      value: -0
      objectReference: {fileID: 0}
    - target: {fileID: 2045238472461767136, guid: e86abcaae236d4c4998b35e2769868df,
        type: 3}
      propertyPath: m_LocalRotation.w
      value: 0.7071068
      objectReference: {fileID: 0}
    - target: {fileID: 2045238472461767136, guid: e86abcaae236d4c4998b35e2769868df,
        type: 3}
      propertyPath: m_RootOrder
      value: 1
      objectReference: {fileID: 0}
    - target: {fileID: 2045238472461767136, guid: e86abcaae236d4c4998b35e2769868df,
        type: 3}
      propertyPath: m_LocalEulerAnglesHint.x
      value: 90
      objectReference: {fileID: 0}
    - target: {fileID: 2045238472461767136, guid: e86abcaae236d4c4998b35e2769868df,
        type: 3}
      propertyPath: m_LocalEulerAnglesHint.y
      value: 0
      objectReference: {fileID: 0}
    - target: {fileID: 2045238472461767136, guid: e86abcaae236d4c4998b35e2769868df,
        type: 3}
      propertyPath: m_LocalEulerAnglesHint.z
      value: 0
      objectReference: {fileID: 0}
    - target: {fileID: 2045238472461767136, guid: e86abcaae236d4c4998b35e2769868df,
        type: 3}
      propertyPath: m_LocalScale.x
      value: 1
      objectReference: {fileID: 0}
    - target: {fileID: 2045238472461767136, guid: e86abcaae236d4c4998b35e2769868df,
        type: 3}
      propertyPath: m_LocalScale.y
      value: 1
      objectReference: {fileID: 0}
    - target: {fileID: 2045238472461767136, guid: e86abcaae236d4c4998b35e2769868df,
        type: 3}
      propertyPath: m_LocalScale.z
      value: 1
      objectReference: {fileID: 0}
    - target: {fileID: 2045238472461767137, guid: e86abcaae236d4c4998b35e2769868df,
        type: 3}
      propertyPath: Width
      value: 4
      objectReference: {fileID: 0}
    - target: {fileID: 2045238472461767137, guid: e86abcaae236d4c4998b35e2769868df,
        type: 3}
      propertyPath: damage
      value: 1
      objectReference: {fileID: 0}
    - target: {fileID: 2045238472461767137, guid: e86abcaae236d4c4998b35e2769868df,
        type: 3}
      propertyPath: bulletPrefab
      value: 
      objectReference: {fileID: 1818483698145146, guid: 6028b5b4fbbf45e45a362de709aa2e18,
        type: 3}
    - target: {fileID: 2045238472461767137, guid: e86abcaae236d4c4998b35e2769868df,
        type: 3}
      propertyPath: wait
      value: 1
      objectReference: {fileID: 0}
    - target: {fileID: 2045238472461767137, guid: e86abcaae236d4c4998b35e2769868df,
        type: 3}
      propertyPath: oneTime
      value: 1
      objectReference: {fileID: 0}
    - target: {fileID: 2045238472461767138, guid: e86abcaae236d4c4998b35e2769868df,
        type: 3}
      propertyPath: m_Name
      value: Laser Gun (1)
      objectReference: {fileID: 0}
    - target: {fileID: 2045238472461767138, guid: e86abcaae236d4c4998b35e2769868df,
        type: 3}
      propertyPath: m_IsActive
      value: 1
      objectReference: {fileID: 0}
    m_RemovedComponents: []
  m_SourcePrefab: {fileID: 100100000, guid: e86abcaae236d4c4998b35e2769868df, type: 3}
--- !u!4 &8472860769085914625 stripped
Transform:
  m_CorrespondingSourceObject: {fileID: 2045238472461767136, guid: e86abcaae236d4c4998b35e2769868df,
    type: 3}
  m_PrefabInstance: {fileID: 7635712944180735969}
  m_PrefabAsset: {fileID: 0}
--- !u!1001 &8080580636728673030
PrefabInstance:
  m_ObjectHideFlags: 0
  serializedVersion: 2
  m_Modification:
    m_TransformParent: {fileID: 2403864830325369944}
    m_Modifications:
    - target: {fileID: 2045238472461767136, guid: e86abcaae236d4c4998b35e2769868df,
        type: 3}
      propertyPath: m_LocalPosition.x
      value: 4.5
      objectReference: {fileID: 0}
    - target: {fileID: 2045238472461767136, guid: e86abcaae236d4c4998b35e2769868df,
        type: 3}
      propertyPath: m_LocalPosition.y
      value: -6
      objectReference: {fileID: 0}
    - target: {fileID: 2045238472461767136, guid: e86abcaae236d4c4998b35e2769868df,
        type: 3}
      propertyPath: m_LocalPosition.z
      value: -3
      objectReference: {fileID: 0}
    - target: {fileID: 2045238472461767136, guid: e86abcaae236d4c4998b35e2769868df,
        type: 3}
      propertyPath: m_LocalRotation.x
      value: 0.7071068
      objectReference: {fileID: 0}
    - target: {fileID: 2045238472461767136, guid: e86abcaae236d4c4998b35e2769868df,
        type: 3}
      propertyPath: m_LocalRotation.y
      value: -0
      objectReference: {fileID: 0}
    - target: {fileID: 2045238472461767136, guid: e86abcaae236d4c4998b35e2769868df,
        type: 3}
      propertyPath: m_LocalRotation.z
      value: -0
      objectReference: {fileID: 0}
    - target: {fileID: 2045238472461767136, guid: e86abcaae236d4c4998b35e2769868df,
        type: 3}
      propertyPath: m_LocalRotation.w
      value: 0.7071068
      objectReference: {fileID: 0}
    - target: {fileID: 2045238472461767136, guid: e86abcaae236d4c4998b35e2769868df,
        type: 3}
      propertyPath: m_RootOrder
      value: 2
      objectReference: {fileID: 0}
    - target: {fileID: 2045238472461767136, guid: e86abcaae236d4c4998b35e2769868df,
        type: 3}
      propertyPath: m_LocalEulerAnglesHint.x
      value: 90
      objectReference: {fileID: 0}
    - target: {fileID: 2045238472461767136, guid: e86abcaae236d4c4998b35e2769868df,
        type: 3}
      propertyPath: m_LocalEulerAnglesHint.y
      value: 0
      objectReference: {fileID: 0}
    - target: {fileID: 2045238472461767136, guid: e86abcaae236d4c4998b35e2769868df,
        type: 3}
      propertyPath: m_LocalEulerAnglesHint.z
      value: 0
      objectReference: {fileID: 0}
    - target: {fileID: 2045238472461767136, guid: e86abcaae236d4c4998b35e2769868df,
        type: 3}
      propertyPath: m_LocalScale.x
      value: 1
      objectReference: {fileID: 0}
    - target: {fileID: 2045238472461767136, guid: e86abcaae236d4c4998b35e2769868df,
        type: 3}
      propertyPath: m_LocalScale.y
      value: 1
      objectReference: {fileID: 0}
    - target: {fileID: 2045238472461767136, guid: e86abcaae236d4c4998b35e2769868df,
        type: 3}
      propertyPath: m_LocalScale.z
      value: 1
      objectReference: {fileID: 0}
    - target: {fileID: 2045238472461767137, guid: e86abcaae236d4c4998b35e2769868df,
        type: 3}
      propertyPath: Width
      value: 4
      objectReference: {fileID: 0}
    - target: {fileID: 2045238472461767137, guid: e86abcaae236d4c4998b35e2769868df,
        type: 3}
      propertyPath: damage
      value: 1
      objectReference: {fileID: 0}
    - target: {fileID: 2045238472461767137, guid: e86abcaae236d4c4998b35e2769868df,
        type: 3}
      propertyPath: bulletPrefab
      value: 
      objectReference: {fileID: 1818483698145146, guid: 6028b5b4fbbf45e45a362de709aa2e18,
        type: 3}
    - target: {fileID: 2045238472461767137, guid: e86abcaae236d4c4998b35e2769868df,
        type: 3}
      propertyPath: wait
      value: 1
      objectReference: {fileID: 0}
    - target: {fileID: 2045238472461767137, guid: e86abcaae236d4c4998b35e2769868df,
        type: 3}
      propertyPath: oneTime
      value: 1
      objectReference: {fileID: 0}
    - target: {fileID: 2045238472461767138, guid: e86abcaae236d4c4998b35e2769868df,
        type: 3}
      propertyPath: m_Name
      value: Laser Gun (2)
      objectReference: {fileID: 0}
    - target: {fileID: 2045238472461767138, guid: e86abcaae236d4c4998b35e2769868df,
        type: 3}
      propertyPath: m_IsActive
      value: 1
      objectReference: {fileID: 0}
    m_RemovedComponents: []
  m_SourcePrefab: {fileID: 100100000, guid: e86abcaae236d4c4998b35e2769868df, type: 3}
--- !u!4 &7800754397165064934 stripped
Transform:
  m_CorrespondingSourceObject: {fileID: 2045238472461767136, guid: e86abcaae236d4c4998b35e2769868df,
    type: 3}
  m_PrefabInstance: {fileID: 8080580636728673030}
  m_PrefabAsset: {fileID: 0}
--- !u!1001 &8304308254321798702
PrefabInstance:
  m_ObjectHideFlags: 0
  serializedVersion: 2
  m_Modification:
    m_TransformParent: {fileID: 7992876963643056408}
    m_Modifications:
    - target: {fileID: 1546236361001082864, guid: 68f4df4783691c44c8a03e1ad889e15d,
        type: 3}
      propertyPath: bulletPrefab
      value: 
      objectReference: {fileID: 1481244868773408, guid: 72740f29ee533844cba431f7d8095442,
        type: 3}
    - target: {fileID: 1546236361001082864, guid: 68f4df4783691c44c8a03e1ad889e15d,
        type: 3}
      propertyPath: damage
      value: 10
      objectReference: {fileID: 0}
    - target: {fileID: 1546236361001082865, guid: 68f4df4783691c44c8a03e1ad889e15d,
        type: 3}
      propertyPath: m_LocalPosition.x
      value: 3.5
      objectReference: {fileID: 0}
    - target: {fileID: 1546236361001082865, guid: 68f4df4783691c44c8a03e1ad889e15d,
        type: 3}
      propertyPath: m_LocalPosition.y
      value: -6
      objectReference: {fileID: 0}
    - target: {fileID: 1546236361001082865, guid: 68f4df4783691c44c8a03e1ad889e15d,
        type: 3}
      propertyPath: m_LocalPosition.z
      value: -3
      objectReference: {fileID: 0}
    - target: {fileID: 1546236361001082865, guid: 68f4df4783691c44c8a03e1ad889e15d,
        type: 3}
      propertyPath: m_LocalRotation.x
      value: 0.7071068
      objectReference: {fileID: 0}
    - target: {fileID: 1546236361001082865, guid: 68f4df4783691c44c8a03e1ad889e15d,
        type: 3}
      propertyPath: m_LocalRotation.y
      value: -0
      objectReference: {fileID: 0}
    - target: {fileID: 1546236361001082865, guid: 68f4df4783691c44c8a03e1ad889e15d,
        type: 3}
      propertyPath: m_LocalRotation.z
      value: -0
      objectReference: {fileID: 0}
    - target: {fileID: 1546236361001082865, guid: 68f4df4783691c44c8a03e1ad889e15d,
        type: 3}
      propertyPath: m_LocalRotation.w
      value: 0.7071068
      objectReference: {fileID: 0}
    - target: {fileID: 1546236361001082865, guid: 68f4df4783691c44c8a03e1ad889e15d,
        type: 3}
      propertyPath: m_RootOrder
      value: 3
      objectReference: {fileID: 0}
    - target: {fileID: 1546236361001082865, guid: 68f4df4783691c44c8a03e1ad889e15d,
        type: 3}
      propertyPath: m_LocalEulerAnglesHint.x
      value: 90
      objectReference: {fileID: 0}
    - target: {fileID: 1546236361001082865, guid: 68f4df4783691c44c8a03e1ad889e15d,
        type: 3}
      propertyPath: m_LocalEulerAnglesHint.y
      value: 0
      objectReference: {fileID: 0}
    - target: {fileID: 1546236361001082865, guid: 68f4df4783691c44c8a03e1ad889e15d,
        type: 3}
      propertyPath: m_LocalEulerAnglesHint.z
      value: 0
      objectReference: {fileID: 0}
    - target: {fileID: 1546236361001082865, guid: 68f4df4783691c44c8a03e1ad889e15d,
        type: 3}
      propertyPath: m_LocalScale.x
      value: 0.17999999
      objectReference: {fileID: 0}
    - target: {fileID: 1546236361001082865, guid: 68f4df4783691c44c8a03e1ad889e15d,
        type: 3}
      propertyPath: m_LocalScale.y
      value: 0.17999998
      objectReference: {fileID: 0}
    - target: {fileID: 1546236361001082865, guid: 68f4df4783691c44c8a03e1ad889e15d,
        type: 3}
      propertyPath: m_LocalScale.z
      value: 0.17999998
      objectReference: {fileID: 0}
    - target: {fileID: 1546236361001082871, guid: 68f4df4783691c44c8a03e1ad889e15d,
        type: 3}
      propertyPath: m_Name
      value: FollowGun (3)
      objectReference: {fileID: 0}
    - target: {fileID: 1546236361001082871, guid: 68f4df4783691c44c8a03e1ad889e15d,
        type: 3}
      propertyPath: m_IsActive
      value: 1
      objectReference: {fileID: 0}
    m_RemovedComponents: []
  m_SourcePrefab: {fileID: 100100000, guid: 68f4df4783691c44c8a03e1ad889e15d, type: 3}
--- !u!4 &7371127725768241631 stripped
Transform:
  m_CorrespondingSourceObject: {fileID: 1546236361001082865, guid: 68f4df4783691c44c8a03e1ad889e15d,
    type: 3}
  m_PrefabInstance: {fileID: 8304308254321798702}
  m_PrefabAsset: {fileID: 0}
--- !u!1001 &8693026783119227620
PrefabInstance:
  m_ObjectHideFlags: 0
  serializedVersion: 2
  m_Modification:
    m_TransformParent: {fileID: 7992876963643056408}
    m_Modifications:
    - target: {fileID: 192451747950484066, guid: f0f9431f309f78147b1ddd7b15998e2b,
        type: 3}
      propertyPath: m_Name
      value: Normal Gun
      objectReference: {fileID: 0}
    - target: {fileID: 192451747950484066, guid: f0f9431f309f78147b1ddd7b15998e2b,
        type: 3}
      propertyPath: m_IsActive
      value: 1
      objectReference: {fileID: 0}
    - target: {fileID: 192451747950484067, guid: f0f9431f309f78147b1ddd7b15998e2b,
        type: 3}
      propertyPath: m_LocalPosition.x
      value: 0
      objectReference: {fileID: 0}
    - target: {fileID: 192451747950484067, guid: f0f9431f309f78147b1ddd7b15998e2b,
        type: 3}
      propertyPath: m_LocalPosition.y
      value: -10
      objectReference: {fileID: 0}
    - target: {fileID: 192451747950484067, guid: f0f9431f309f78147b1ddd7b15998e2b,
        type: 3}
      propertyPath: m_LocalPosition.z
      value: -3
      objectReference: {fileID: 0}
    - target: {fileID: 192451747950484067, guid: f0f9431f309f78147b1ddd7b15998e2b,
        type: 3}
      propertyPath: m_LocalRotation.x
      value: 0.7071068
      objectReference: {fileID: 0}
    - target: {fileID: 192451747950484067, guid: f0f9431f309f78147b1ddd7b15998e2b,
        type: 3}
      propertyPath: m_LocalRotation.y
      value: -0
      objectReference: {fileID: 0}
    - target: {fileID: 192451747950484067, guid: f0f9431f309f78147b1ddd7b15998e2b,
        type: 3}
      propertyPath: m_LocalRotation.z
      value: -0
      objectReference: {fileID: 0}
    - target: {fileID: 192451747950484067, guid: f0f9431f309f78147b1ddd7b15998e2b,
        type: 3}
      propertyPath: m_LocalRotation.w
      value: 0.7071068
      objectReference: {fileID: 0}
    - target: {fileID: 192451747950484067, guid: f0f9431f309f78147b1ddd7b15998e2b,
        type: 3}
      propertyPath: m_RootOrder
      value: 4
      objectReference: {fileID: 0}
    - target: {fileID: 192451747950484067, guid: f0f9431f309f78147b1ddd7b15998e2b,
        type: 3}
      propertyPath: m_LocalEulerAnglesHint.x
      value: 90
      objectReference: {fileID: 0}
    - target: {fileID: 192451747950484067, guid: f0f9431f309f78147b1ddd7b15998e2b,
        type: 3}
      propertyPath: m_LocalEulerAnglesHint.y
      value: 0
      objectReference: {fileID: 0}
    - target: {fileID: 192451747950484067, guid: f0f9431f309f78147b1ddd7b15998e2b,
        type: 3}
      propertyPath: m_LocalEulerAnglesHint.z
      value: 0
      objectReference: {fileID: 0}
    - target: {fileID: 192451747950484067, guid: f0f9431f309f78147b1ddd7b15998e2b,
        type: 3}
      propertyPath: m_LocalScale.x
      value: 1
      objectReference: {fileID: 0}
    - target: {fileID: 192451747950484067, guid: f0f9431f309f78147b1ddd7b15998e2b,
        type: 3}
      propertyPath: m_LocalScale.y
      value: 1
      objectReference: {fileID: 0}
    - target: {fileID: 192451747950484067, guid: f0f9431f309f78147b1ddd7b15998e2b,
        type: 3}
      propertyPath: m_LocalScale.z
      value: 1
      objectReference: {fileID: 0}
    - target: {fileID: 6073544407685270940, guid: f0f9431f309f78147b1ddd7b15998e2b,
        type: 3}
      propertyPath: fireRate
      value: 0.75
      objectReference: {fileID: 0}
    - target: {fileID: 6073544407685270940, guid: f0f9431f309f78147b1ddd7b15998e2b,
        type: 3}
      propertyPath: bulletSpeed
      value: 10
      objectReference: {fileID: 0}
    - target: {fileID: 6073544407685270940, guid: f0f9431f309f78147b1ddd7b15998e2b,
        type: 3}
      propertyPath: numberBullet
      value: 3
      objectReference: {fileID: 0}
    - target: {fileID: 6073544407685270940, guid: f0f9431f309f78147b1ddd7b15998e2b,
        type: 3}
      propertyPath: damage
      value: 10
      objectReference: {fileID: 0}
    - target: {fileID: 6073544407685270940, guid: f0f9431f309f78147b1ddd7b15998e2b,
        type: 3}
      propertyPath: bulletPrefab
      value: 
      objectReference: {fileID: 1473103337094032, guid: 6b29274ac2e79904986a87aaee461137,
        type: 3}
    m_RemovedComponents: []
  m_SourcePrefab: {fileID: 100100000, guid: f0f9431f309f78147b1ddd7b15998e2b, type: 3}
--- !u!4 &8793397111740358791 stripped
Transform:
  m_CorrespondingSourceObject: {fileID: 192451747950484067, guid: f0f9431f309f78147b1ddd7b15998e2b,
    type: 3}
  m_PrefabInstance: {fileID: 8693026783119227620}
  m_PrefabAsset: {fileID: 0}
--- !u!1001 &8710197800861484489
PrefabInstance:
  m_ObjectHideFlags: 0
  serializedVersion: 2
  m_Modification:
    m_TransformParent: {fileID: 5436863363908611164}
    m_Modifications:
    - target: {fileID: 178354071450703296, guid: d5a914b1328756d4581b448fbf99afc7,
        type: 3}
      propertyPath: m_SizeDelta.x
      value: 1400
      objectReference: {fileID: 0}
    - target: {fileID: 178354071450703296, guid: d5a914b1328756d4581b448fbf99afc7,
        type: 3}
      propertyPath: m_SizeDelta.y
      value: 100
      objectReference: {fileID: 0}
    - target: {fileID: 178354071450703296, guid: d5a914b1328756d4581b448fbf99afc7,
        type: 3}
      propertyPath: m_AnchoredPosition.x
      value: 80
      objectReference: {fileID: 0}
    - target: {fileID: 178354071450703296, guid: d5a914b1328756d4581b448fbf99afc7,
        type: 3}
      propertyPath: m_LocalPosition.z
      value: 0
      objectReference: {fileID: 0}
    - target: {fileID: 178354071450703296, guid: d5a914b1328756d4581b448fbf99afc7,
        type: 3}
      propertyPath: m_AnchorMin.x
      value: 0.5
      objectReference: {fileID: 0}
    - target: {fileID: 178354071450703296, guid: d5a914b1328756d4581b448fbf99afc7,
        type: 3}
      propertyPath: m_AnchorMax.x
      value: 0.5
      objectReference: {fileID: 0}
    - target: {fileID: 178354071450703296, guid: d5a914b1328756d4581b448fbf99afc7,
        type: 3}
      propertyPath: m_AnchoredPosition.y
      value: -230
      objectReference: {fileID: 0}
    - target: {fileID: 178354071450703296, guid: d5a914b1328756d4581b448fbf99afc7,
        type: 3}
      propertyPath: m_Pivot.x
      value: 0.5
      objectReference: {fileID: 0}
    - target: {fileID: 178354071450703296, guid: d5a914b1328756d4581b448fbf99afc7,
        type: 3}
      propertyPath: m_AnchorMin.y
      value: 1
      objectReference: {fileID: 0}
    - target: {fileID: 178354071450703296, guid: d5a914b1328756d4581b448fbf99afc7,
        type: 3}
      propertyPath: m_AnchorMax.y
      value: 1
      objectReference: {fileID: 0}
    - target: {fileID: 178354071450703296, guid: d5a914b1328756d4581b448fbf99afc7,
        type: 3}
      propertyPath: m_Pivot.y
      value: 1
      objectReference: {fileID: 0}
    - target: {fileID: 2198391438703297332, guid: d5a914b1328756d4581b448fbf99afc7,
        type: 3}
      propertyPath: m_MaxValue
      value: 10000
      objectReference: {fileID: 0}
    - target: {fileID: 2198391438703297332, guid: d5a914b1328756d4581b448fbf99afc7,
        type: 3}
      propertyPath: m_Value
      value: 10000
      objectReference: {fileID: 0}
    - target: {fileID: 2198391438703297332, guid: d5a914b1328756d4581b448fbf99afc7,
        type: 3}
      propertyPath: m_WholeNumbers
      value: 1
      objectReference: {fileID: 0}
    - target: {fileID: 3261751298898728249, guid: d5a914b1328756d4581b448fbf99afc7,
        type: 3}
      propertyPath: m_AnchorMax.x
      value: 1
      objectReference: {fileID: 0}
    - target: {fileID: 3261751298898728249, guid: d5a914b1328756d4581b448fbf99afc7,
        type: 3}
      propertyPath: m_AnchorMax.y
      value: 1
      objectReference: {fileID: 0}
    - target: {fileID: 4060719527014312873, guid: d5a914b1328756d4581b448fbf99afc7,
        type: 3}
      propertyPath: m_Name
      value: Full Health Bar
      objectReference: {fileID: 0}
    - target: {fileID: 4060719527014312873, guid: d5a914b1328756d4581b448fbf99afc7,
        type: 3}
      propertyPath: m_IsActive
      value: 0
      objectReference: {fileID: 0}
    - target: {fileID: 4060719527014312876, guid: d5a914b1328756d4581b448fbf99afc7,
        type: 3}
      propertyPath: m_RenderMode
      value: 0
      objectReference: {fileID: 0}
    - target: {fileID: 4060719527014312876, guid: d5a914b1328756d4581b448fbf99afc7,
        type: 3}
      propertyPath: m_PixelPerfect
      value: 0
      objectReference: {fileID: 0}
    - target: {fileID: 4060719527014312876, guid: d5a914b1328756d4581b448fbf99afc7,
        type: 3}
      propertyPath: m_AdditionalShaderChannelsFlag
      value: 0
      objectReference: {fileID: 0}
    - target: {fileID: 4060719527014312877, guid: d5a914b1328756d4581b448fbf99afc7,
        type: 3}
      propertyPath: m_LocalPosition.x
      value: 0
      objectReference: {fileID: 0}
    - target: {fileID: 4060719527014312877, guid: d5a914b1328756d4581b448fbf99afc7,
        type: 3}
      propertyPath: m_LocalPosition.y
      value: 0
      objectReference: {fileID: 0}
    - target: {fileID: 4060719527014312877, guid: d5a914b1328756d4581b448fbf99afc7,
        type: 3}
      propertyPath: m_LocalPosition.z
      value: 0
      objectReference: {fileID: 0}
    - target: {fileID: 4060719527014312877, guid: d5a914b1328756d4581b448fbf99afc7,
        type: 3}
      propertyPath: m_LocalRotation.x
      value: 0
      objectReference: {fileID: 0}
    - target: {fileID: 4060719527014312877, guid: d5a914b1328756d4581b448fbf99afc7,
        type: 3}
      propertyPath: m_LocalRotation.y
      value: 0
      objectReference: {fileID: 0}
    - target: {fileID: 4060719527014312877, guid: d5a914b1328756d4581b448fbf99afc7,
        type: 3}
      propertyPath: m_LocalRotation.z
      value: 0
      objectReference: {fileID: 0}
    - target: {fileID: 4060719527014312877, guid: d5a914b1328756d4581b448fbf99afc7,
        type: 3}
      propertyPath: m_LocalRotation.w
      value: 1
      objectReference: {fileID: 0}
    - target: {fileID: 4060719527014312877, guid: d5a914b1328756d4581b448fbf99afc7,
        type: 3}
      propertyPath: m_RootOrder
      value: 4
      objectReference: {fileID: 0}
    - target: {fileID: 4060719527014312877, guid: d5a914b1328756d4581b448fbf99afc7,
        type: 3}
      propertyPath: m_LocalEulerAnglesHint.x
      value: 0
      objectReference: {fileID: 0}
    - target: {fileID: 4060719527014312877, guid: d5a914b1328756d4581b448fbf99afc7,
        type: 3}
      propertyPath: m_LocalEulerAnglesHint.y
      value: 0
      objectReference: {fileID: 0}
    - target: {fileID: 4060719527014312877, guid: d5a914b1328756d4581b448fbf99afc7,
        type: 3}
      propertyPath: m_LocalEulerAnglesHint.z
      value: 0
      objectReference: {fileID: 0}
    - target: {fileID: 4060719527014312877, guid: d5a914b1328756d4581b448fbf99afc7,
        type: 3}
      propertyPath: m_AnchoredPosition.x
      value: 0
      objectReference: {fileID: 0}
    - target: {fileID: 4060719527014312877, guid: d5a914b1328756d4581b448fbf99afc7,
        type: 3}
      propertyPath: m_AnchoredPosition.y
      value: 0
      objectReference: {fileID: 0}
    - target: {fileID: 4060719527014312877, guid: d5a914b1328756d4581b448fbf99afc7,
        type: 3}
      propertyPath: m_SizeDelta.x
      value: 0
      objectReference: {fileID: 0}
    - target: {fileID: 4060719527014312877, guid: d5a914b1328756d4581b448fbf99afc7,
        type: 3}
      propertyPath: m_SizeDelta.y
      value: 0
      objectReference: {fileID: 0}
    - target: {fileID: 4060719527014312877, guid: d5a914b1328756d4581b448fbf99afc7,
        type: 3}
      propertyPath: m_AnchorMin.x
      value: 0
      objectReference: {fileID: 0}
    - target: {fileID: 4060719527014312877, guid: d5a914b1328756d4581b448fbf99afc7,
        type: 3}
      propertyPath: m_AnchorMin.y
      value: 0
      objectReference: {fileID: 0}
    - target: {fileID: 4060719527014312877, guid: d5a914b1328756d4581b448fbf99afc7,
        type: 3}
      propertyPath: m_AnchorMax.x
      value: 0
      objectReference: {fileID: 0}
    - target: {fileID: 4060719527014312877, guid: d5a914b1328756d4581b448fbf99afc7,
        type: 3}
      propertyPath: m_AnchorMax.y
      value: 0
      objectReference: {fileID: 0}
    - target: {fileID: 4060719527014312877, guid: d5a914b1328756d4581b448fbf99afc7,
        type: 3}
      propertyPath: m_Pivot.x
      value: 0
      objectReference: {fileID: 0}
    - target: {fileID: 4060719527014312877, guid: d5a914b1328756d4581b448fbf99afc7,
        type: 3}
      propertyPath: m_Pivot.y
      value: 0
      objectReference: {fileID: 0}
    - target: {fileID: 4060719527014312877, guid: d5a914b1328756d4581b448fbf99afc7,
        type: 3}
      propertyPath: m_LocalScale.x
      value: 0
      objectReference: {fileID: 0}
    - target: {fileID: 4060719527014312877, guid: d5a914b1328756d4581b448fbf99afc7,
        type: 3}
      propertyPath: m_LocalScale.y
      value: 0
      objectReference: {fileID: 0}
    - target: {fileID: 4060719527014312877, guid: d5a914b1328756d4581b448fbf99afc7,
        type: 3}
      propertyPath: m_LocalScale.z
      value: 0
      objectReference: {fileID: 0}
    - target: {fileID: 4060719527014312879, guid: d5a914b1328756d4581b448fbf99afc7,
        type: 3}
      propertyPath: m_UiScaleMode
      value: 1
      objectReference: {fileID: 0}
    - target: {fileID: 4060719527014312879, guid: d5a914b1328756d4581b448fbf99afc7,
        type: 3}
      propertyPath: m_ReferenceResolution.x
      value: 1080
      objectReference: {fileID: 0}
    - target: {fileID: 4060719527014312879, guid: d5a914b1328756d4581b448fbf99afc7,
        type: 3}
      propertyPath: m_ReferenceResolution.y
      value: 1920
      objectReference: {fileID: 0}
    - target: {fileID: 4060719527014312879, guid: d5a914b1328756d4581b448fbf99afc7,
        type: 3}
      propertyPath: m_ScreenMatchMode
      value: 1
      objectReference: {fileID: 0}
    m_RemovedComponents: []
  m_SourcePrefab: {fileID: 100100000, guid: d5a914b1328756d4581b448fbf99afc7, type: 3}
--- !u!224 &4664115291940384356 stripped
RectTransform:
  m_CorrespondingSourceObject: {fileID: 4060719527014312877, guid: d5a914b1328756d4581b448fbf99afc7,
    type: 3}
  m_PrefabInstance: {fileID: 8710197800861484489}
  m_PrefabAsset: {fileID: 0}
